
% References on Presentations, etc.
% =================================


% Books
% -----


@book{Alley-CraftScientificPresentations-2Ed,
  author       = "Michael Alley",
  title        = "The Craft of Scientific Presentations",
  publisher    = "Springer",
  edition      = "2",
  date         = "2013-04-30",
  isbn         = "1441982787",
  pagetotal    = "286",
}
% ISBN-10: 1441982787
% ISBN-13: 978-1441982780
% craftofscientificpresentations.com



@book{Doumont-TreesMapsTheorems,
  author       = "Jean-luc Doumont",
  title        = "Trees, Maps, and Theorems",
  publisher    = "Principiae",
  date         = "2009-01",
  isbn         = "9081367706",
  pagetotal    = "178",
  url          = "http://treesmapsandtheorems.com/",
}


@book{SpeakingPowerPoint,
  author       = "Bruce R. Gabrielle",
  title        = "Speaking PowerPoint: The New Language of Business",
  publisher    = "Insights Publishing",
  date         = "2010-10-10",
  isbn         = "098423604X",
}





% Journal Articles
% ----------------

@article{ThreeLaws,
  author       = "Jean-luc Doumont",
  title        = "The Three Laws of Professional Communication",
  journal      = "IEEE Transactions on Professional Communication",
  issn         = "0361-1434",
  date         = "2002-12",
  volume       = "45",
  number       = "4",
  pages        = "291--296",
  doi          = "10.1109/TPC.2002.805164",
  url          = "http://todroberts.com/USF/3_laws_com.pdf",
}
% http://todroberts.com/USF/3_laws_com.pdf


@article{cognitivestyle,
  author       = "Jean-luc Doumont",
  title        = "The Cognitive Style of PowerPoint:
                  Slides Are Not All Evil",
  journal      = "Technical Communication",
  issn         = "0049-3155",
  date         = "2005-02-01",
  volume       = "52",
  number       = "1",
  pages        = "64-70",
  url          = "http://old-classes.design4complexity.com/6715-F11/readings/The%20Cognitive%20Style%20of%20PowerPoint.pdf",
}
% https://ingentaconnect.com/content/stc/tc/2005/00000052/00000001/art00008
% http://old-classes.design4complexity.com/6715-F11/readings/The%20Cognitive%20Style%20of%20PowerPoint.pdf






% Online Resources
% ----------------


@booklet{ModernSlide,
  author       = "Jay",
  title        = "Modern Slide",
  year         = "2019",
  url          = "https://modernslide.com/",
  urldate      = "2019-01-03",
}


