

@book{Sharvit-Book,
  author       = "Sharvit, Yehonathan",
  title        = "Data-Oriented Programming: Unlearning Objects",
  publisher    = "Manning",
  date         = "2022-05-24",
  isbn         = "1617298573",
  pagetotal    = "325",
  url          = "https://manning.com/books/data-oriented-programming",
  urldate      = "2022-01-23",
}
% ISBN-10 ‏ : ‎ 1617298573
% ISBN-13 ‏ : ‎ 978-1617298578 
% https://manning.com/books/data-oriented-programming


@article{SASS,
  author = "O'Donnell, Jane",
  title = "SASS (Syntactically Awesome Style Sheets)",
  journal = "Journal of Computing Sciences in Colleges",
  volume = "34",
  number = "4",
  pages = "101--102",
  date = "2019-04",
  publisher = "Consortium for Computing Sciences in Colleges",
}

@article{Delaunay,
  author        = "Delaunay, Boris",
  title         = "Sur la sphere vide",
  journal       = "Bulletin de l'Académie des Sciences de l'URSS. Classe des sciences mathématiques et na",
  volume        = "7",
  pages         = "793--800",
  date          = "1934",
  publisher     = "Academy of Sciences of the Union of Soviet Socialist Republics - USSR (Akademiya Nauk SSSR)",
  url = "http://galiulin.narod.ru/delaunay_.pdf",
}

@article{DelaunayAlgorithms,
  author = "Lee, D. T. and Schachter, Bruce J.",
  title = "Two algorithms for constructing a Delaunay triangulation",
  journal = "International Journal of Computer and Information Sciences",
  volume = "9",
  number = "3",
  pages = "219--242",
  date = "1980-02",
  publisher = "Springer",
  url = "http://www.personal.psu.edu/faculty/c/x/cxc11/AERSP560/DELAUNEY/13_Two_algorithms_Delauney.pdf",
}


@inproceedings{OutOfTarPit,
  author     = "Ben Moseley and Peter Marks",
  title      = "Out of the Tar Pit",
  booktitle  = "Software Practice Advancement (SPA 2006), Workshop 11",
  venue      = "St.\ Neots, England",
  url        = "https://web.archive.org/web/20060505080302/http://ben.moseley.name/frp/paper-v1_01.pdf",
  date       = "2006-02-06",
}
% BCS Software Practice Advancement (SPA 2006)
% 26-29 Mar 2006, The Robinson Centre, St.Neots, Bedfordshire, England
% http://spaconference-history.org/spa2006/
% http://spaconference-history.org/spa2006/sessions/session35.html

% https://web.archive.org/web/20070103124820/http://spaconference.org/cgi-bin/wiki.pl/?FunctionalRelationalProgramming
% Web Resources
% http://ben.moseley.name/frp/frp.html - includes the paper which was handed out at the session as well as the slides. 
% https://web.archive.org/web/20060505080302/http://ben.moseley.name/frp/frp.html
% https://web.archive.org/web/20060505080302/http://ben.moseley.name/frp/paper-v1_01.pdf
% https://groups.google.com/g/frp-discuss/c/GcDvQuCDSLY

% https://github.com/papers-we-love/papers-we-love/blob/master/design/out-of-the-tar-pit.pdf
% http://curtclifton.net/papers/MoseleyMarks06a.pdf




@techreport{GZIP,
  author = "Deutsch, Peter",
  title = "RFC1952: GZIP File Format Specification Version 4.3",
  type = "RFC",
  institution = "IETF",
  date = "1996-05",
  url = "https://datatracker.ietf.org/doc/html/rfc1952",
  urldate = "2022-01-06",
}

@techreport{UUIDRFC,
  author = "Leach, P. and Mealling, M. and Salz, R.",
  title = "RFC4122: A Universally Unique IDentifier (UUID) URN Namespace",
  type = "RFC",
  institution = "IETF",
  date = "2005-07",
  url = "https://www.ietf.org/rfc/rfc4122.txt",
  urldate = "2022-01-06",
}


@booklet{DataCodeSeparation,
  author       = "Yehonathan Sharvit",
  title        = "Data-Oriented Principle \#1: Separate Code from Data",
  date         = "2022-01-15",
  url          = "https://blog.klipse.tech/databook/2020/10/02/separate-code-data.html",
  urldate      = "2022-01-15",
}

@booklet{PascalCase,
  author       = "{TechTerms}",
  title        = "{PascalCase}",
  date         = "2022-01-24",
  url          = "https://techterms.com/definition/pascalcase",
  urldate      = "2022-01-24",
}

@booklet{camelCase,
  author       = "{TechTerms}",
  title        = "{camelCase}",
  date         = "2022-01-24",
  url          = "https://techterms.com/definition/camelcase",
  urldate      = "2022-01-24",
}




@booklet{Browsersync,
  title = "Browsersync",
  date = "2022-01-04",
  howpublished = "GitHub",
  url = "https://browsersync.io/",
  urldate = "2022-01-04",
}

% todo: only top contributer for github repositories?
@booklet{D3Scale,
  author = "Bostock, Michael", 
  title = "d3-scale",
  date = "2022-01-06",
  howpublished = "GitHub",
  url = "https://github.com/d3/d3-scale",
  urldate = "2022-01-06",
}

% todo: only top contributer for github repositories?
@booklet{D3Axis,
  author = "Bostock, Michael",
  title = "d3-axis",
  date = "2022-01-06",
  howpublished = "GitHub",
  url = "https://github.com/d3/d3-axis",
  urldate = "2022-01-06",
}

% todo: only top contributer for github repositories?
@booklet{D3Zoom,
  author = "Bostock, Michael",
  title = "d3-zoom",
  date = "2022-04-09",
  howpublished = "GitHub",
  url = "https://github.com/d3/d3-zoom",
  urldate = "2022-04-09",
}

@booklet{RespVisGitHub,
  author = "Oberrauner, Peter",
  title = "RespVis",
  date = "2022-01-06",
  howpublished = "GitHub",
  url = "https://github.com/almostbearded/respvis",
  urldate = "2022-01-06",
}


@booklet{Rollup,
  author       = "{Rollup}",
  title        = "Rollup",
  date         = "2022-01-24",
  url          = "https://rollupjs.org/",
  urldate      = "2022-01-24",
}


@booklet{Gulp,
  author       = "{Gulp}",
  title        = "gulp",
  date         = "2022-01-24",
  url          = "https://gulpjs.com/",
  urldate      = "2022-01-24",
}

@booklet{npm,
  author       = "{npm}",
  title        = "npm",
  date         = "2022-01-24",
  url          = "https://npmjs.com/",
  urldate      = "2022-01-24",
}

@booklet{V8,
  author       = "{Google}",
  title        = "V8 JavaScript Engine",
  date         = "2022-01-06",
  url          = "https://v8.dev/",
  urldate      = "2022-01-06",
}

@booklet{UUIDPackage,
  author       = "{UUID}",
  title        = "UUID",
  date         = "2022-01-24",
  url          = "https://github.com/uuidjs/uuid",
  urldate      = "2022-01-24",
}



