% Books
% -----

@book{GridLayoutInCSS,
  author       = "Eric A. Meyer",
  title        = "Grid Layout in {CSS}: Interface Layout for the Web",
  publisher    = "O'Reilly Media",
  date         = "2016-04-18",
  isbn         = "1491930217",
}

@book{ResponsiveWebDesign,
  author = "Marcotte, Ethan",
  title = "Responsive Web Design",
  edition = "2",
  publisher = "A Book Apart",
  date = "2014-12-02",
  isbn = "1937557189",
}


% Conference Papers
% -----------------

@inproceedings{UnderstandingTS,
  author = "Bierman, Gavin and Abadi, Martín and Torgersen, Mads",
  title = "Understanding TypeScript",
  booktitle = "Proc.\ of the 28th European Conference on Object-Oriented Programming",
  pages = "257--281",
  publisher = "Springer",
  venue = "Uppsala, Sweden",
  date = "2014-08",
  doi = "10.1007/978-3-662-44202-9_11",
  url = "https://users.soe.ucsc.edu/~abadi/Papers/FTS-submitted.pdf",
}

@inproceedings{ToTypeOrNotToType,
  author = "Gao, Zheng and Bird, Christian and Barr, Earl T.",
  title = "To Type or Not to Type: Quantifying Detectable Bugs in JavaScript",
  booktitle = "Proc.\ of the 39th International Conference on Software Engineering",
  pages = "758--769",
  publisher = "Institute of Electrical and Electronics Engineers",
  venue = "Buenos Aires, Argentina",
  date = "2017-05",
  doi = "10.1109/ICSE.2017.75",
  url = "https://earlbarr.com/publications/typestudy.pdf",
}

% Journal Articles
% ----------------


@article{Gecko,
  author = "Sikorski, Robert and Peters, Richard",
  title = "Netscape's Gecko and You",
  journal = "Science",
  volume = "283",
  number = "5409",
  pages = "1871--1872",
  publisher = "American Association for the Advancement of Science",
  date = "1999-03-19",
  doi = "10.1126/science.283.5409.1871b",
  url = "https://www.science.org/doi/full/10.1126/science.283.5409.1871b",
}


% Technical Reports
% ----------------

@techreport{HTML,
  author = "Hickson, Ian and Pieters, Simon and Kesteren, Anne van and Jägenstedt, Philip and Denicola, Domenic",
  title = "HTML Standard",
  type = "Living Standard",
  institution = "WHATWG",
  date = "2021-08-11",
  url = "https://html.spec.whatwg.org",
}

@techreport{HTML32,
  author = "Raggett, Dave",
  title = "HTML 3.2 Reference Specification",
  type = "W3C Recommendation",
  institution = "W3C",
  date = "1997-01-14",
  url = "https://www.w3.org/TR/2018/SPSD-html32-20180315",
}

@techreport{CSS1,
  author = "Lie, Håkon Wium and Bos, Bert",
  title = "Cascading Style Sheets Level 1 (CSS 1) Specification",
  type = "W3C Recommendation",
  institution = "W3C",
  date = "1996-12-17",
  url = "https://www.w3.org/TR/CSS1/",
} 

@techreport{CSS21,
  author = "Bos, Bert and Çelik, Tantek and Hickson, Ian and Lie, Håkon Wium",
  title = "Cascading Style Sheets Level 2 Revision 1 (CSS 2.1) Specification",
  type = "W3C Recommendation",
  institution = "W3C",
  date = "2011-06-07",
  url = "https://www.w3.org/TR/CSS2",
}

@techreport{CSSSelectors3,
  author = "Çelik, Tantek and Etemad, Elika J. and Glazman, Daniel and Hickson, Ian and Linss, Peter and Williams, John",
  title = "Selectors Level 3",
  type = "W3C Recommendation",
  institution = "W3C",
  date = "2018-11-06",
  url = "https://www.w3.org/TR/selectors-3/",
}

@techreport{CSSCascading3,
  author = "Etemad, Elika J. and Atkins, Tab",
  title = "CSS Cascading and Inheritance Level 3",
  type = "W3C Recommendation",
  institution = "W3C",
  date = "2021-02-11",
  url = "https://www.w3.org/TR/css-cascade-3/",
}

@techreport{CSSFlexbox,
  author = "Atkins, Tab and Etemad, Elika J. and Atanassov, Rossen",
  title = "CSS Flexible Box Layout Module Level 1",
  type = "W3C Candidate Recommendation",
  institution = "W3C",
  date = "2018-11-19",
  url = "https://www.w3.org/TR/css-flexbox-1",
} 

@techreport{CSSFlexboxFirstDraft,
  author = "Deakin, Neil and Hickson, Ian and Hyatt, David",
  title = "CSS Flexible Box Layout Module",
  type = "W3C Working Draft",
  institution = "W3C",
  date = "2009-07-23",
  url = "http://www.w3.org/TR/2009/WD-css3-flexbox-20090723/",
} 

@techreport{CSSGridFirstDraft,
  author = "Mogilevsky, Alex and Cupp, Phil and Mielke, Markus and Glazman, Daniel",
  title = "Grid Layout",
  type = "W3C Working Draft",
  institution = "W3C",
  date = "2011-04-07",
  url = "https://www.w3.org/TR/2011/WD-css3-grid-layout-20110407/",
}

@techreport{CSSGrid,
  author = "Atkins, Tab and Etemad, Elika J. and Atanassov, Rossen and Brufau, Oriol",
  title = "CSS Grid Layout Module Level 1",
  type = "W3C Candidate Recommendation",
  institution = "W3C",
  date = "2020-12-18",
  url = "https://www.w3.org/TR/css-grid-1/",
} 

@techreport{DOM1,
  author = "Wood, Lauren and Apparao, Vidur and Byrne, Steve and Champion, Mike and Isaacs, Scott and Nicol, Gavin and Sorensen, Jared and Sutor, Robert and Wilson, Chris",
  title = "Document Object Model Specification",
  type = "W3C Working Draft",
  institution = "W3C",
  date = "1998-04-16",
  url = "https://www.w3.org/TR/1998/WD-DOM-19980416/",
} 

@techreport{DOM,
  author = "Kesteren, Anne van and Gregor, Aryeh and Ms2ger",
  title = "DOM Standard",
  type = "Living Standard",
  institution = "WHATWG",
  date = "2021-08-02",
  url = "https://dom.spec.whatwg.org/",
} 

@techreport{ResizeObserver,
  author = "Totic, Aleks and Whitworth, Greg",
  title = "Resize Observer",
  type = "W3C Working Draft",
  institution = "W3C",
  date = "2020-02-11",
  url = "https://www.w3.org/TR/2020/WD-resize-observer-1-20200211/",
} 

@techreport{ECMAScript1,
  author = "{Ecma International}",
  title = "ECMAScript: A general purpose, cross-platform programming language",
  type = "ECMA-262",
  institution = "Ecma International",
  date = "1997-06",
  url = "https://www.ecma-international.org/wp-content/uploads/ECMA-262_1st_edition_june_1997.pdf",
} 

@techreport{ECMAScript5,
  author = "{Ecma International}",
  title = "ECMAScript 5th Edition Language Specification",
  type = "ECMA-262",
  institution = "Ecma International",
  date = "2009-12",
  url = "https://www.ecma-international.org/wp-content/uploads/ECMA-262_5th_edition_december_2009.pdf",
} 

@techreport{ECMAScript6,
  author = "{Ecma International}",
  title = "ECMAScript 6th Edition Language Specification",
  type = "ECMA-262",
  institution = "Ecma International",
  date = "2015-06",
  url = "https://262.ecma-international.org/6.0/",
} 

@techreport{PNG,
  author = "Boutell, Thomas",
  title = "Portable Network Graphics (PNG) Specification (Second Edition)",
  type = "W3C Recommendation",
  institution = "W3C",
  date = "2003-11-10",
  url = "https://www.w3.org/TR/PNG/",
} 

@techreport{SVG1,
  author = "Ferraiolo, Jon",
  title = "Scalable Vector Graphics (SVG) Specification",
  type = "W3C Working Draft",
  institution = "W3C",
  date = "1999-02-11",
  url = "https://www.w3.org/TR/1999/WD-SVG-19990211/",
} 

@techreport{SVG11,
  author = "Dahlström, Erik and Dengler, Patrick and Grasso, Anthony and Lilley, Chris and McCormack, Cameron and Schepers, Doug and Watt, Jonathan",
  title = "Scalable Vector Graphics (SVG) 1.1 (Second Edition)",
  type = "W3C Recommendation",
  institution = "W3C",
  date = "2011-08-16",
  url = "https://www.w3.org/TR/SVG11/",
} 

@techreport{SVG2,
  author = "Bellamy-Royds, Amelia and Brinza, Bogdan and Lilley, Chris and Schulze, Dirk and Storey, David and Willigers, Eric",
  title = "Scalable Vector Graphics (SVG) 2",
  type = "W3C Candidate Recommendation",
  institution = "W3C",
  date = "2018-10-04",
  url = "https://www.w3.org/TR/SVG2/",
}

@techreport{WebGL,
  author = "Jackson, Dean and Gilbert, Jeff",
  title = "WebGL 2.0 Specification",
  type = "Khronos Editor's Draft",
  institution = "Khronos Group",
  date = "2021-08-12",
  url = "https://www.khronos.org/registry/webgl/specs/latest/2.0/",
} 

% Online Resources
% ----------------

@booklet{CSSProposal,
  author = "Lie, Håkon Wium",
  title = "Cacading HTML Style Sheets: A Proposal",
  date = "1994",
  url = "https://www.w3.org/People/howcome/p/cascade.html",
  urldate = "2021-11-17", 
} 

@booklet{TBLProposal,
  author = "Tim Berners-Lee",
  title = "Information management: A Proposal",
  date = "1989",
  url = "http://www.w3.org/History/1989/proposal.html",
  urldate = "2021-11-17", 
} 

@booklet{CanIUseCSSFlexbox,
  author = "Deveria, Alexis",
  title = "Can I use CSS Flexible Box Layout Module",
  date = "2021-08-13",
  url = "https://caniuse.com/flexbox",
  urldate = "2021-08-13", 
}

@booklet{Coyier-FlexboxGuide,
  author       = "Chris Coyier",
  title        = "A Complete Guide to Flexbox",
  date         = "2021-09-10",
  url          = "https://css-tricks.com/snippets/css/a-guide-to-flexbox/",
  urldate      = "2021-11-11",
}

@booklet{House-GridGuide,
  author       = "Chris House",
  title        = "A Complete Guide to Grid",
  date         = "2021-11-09",
  url          = "https://css-tricks.com/snippets/css/complete-guide-grid/",
  urldate      = "2021-11-11",
}

@booklet{CanIUseCSSGrid,
  author = "Deveria, Alexis",
  title = "Can I use CSS Grid Layout",
  date = "2021-08-19",
  url = "https://caniuse.com/css-grid",
  urldate = "2021-11-17",
} 

@booklet{CSSGridVsFlexbox,
  author = "Rendle, Robin",
  title = "Does CSS Grid Replace Flexbox?",
  date = "2017-03-31",
  url = "https://css-tricks.com/css-grid-replace-flexbox/",
  urldate = "2021-11-17",
}

@booklet{StatisticProgrammingLanguageUsage,
  author = "Liu, Shanhong",
  title = "Most used programming languages among developers worldwide",
  date = "2021-08-05",
  url = "https://www.statista.com/statistics/793628/worldwide-developer-survey-most-used-languages/",
  urldate = "2021-11-17",
} 

@booklet{BrowserMarketShareEarly,
  author = "Routley, Nick",
  title = "Internet Browser Market Share (1996–2019)",
  date = "2020https://www.paypal.com/myaccount/-01-20",
  url = "https://www.visualcapitalist.com/internet-browser-market-share/",
  urldate = "2021-11-17",
} 

@booklet{BrowserMarketShare,
  author = "Statcounter",
  title = "Desktop Browser Market Share Worldwide",
  date = "2021",
  url = "https://gs.statcounter.com/browser-market-share/desktop/worldwide/#yearly-2009-2021",
  urldate = "2021-11-17",
} 

@booklet{JSFirstRelease,
  author = "{Netscape Communications Corporation}",
  title = "Netscape and Sun Announce JavaScript, the Open, Cross-Platform Object Scripting Language for Enterprise Networks and the Internet",
  date = "1995-12-04",
  url = "https://web.archive.org/web/20070916144913/http://wp.netscape.com/newsref/pr/newsrelease67.html",
  urldate = "2021-11-17",
} 

@booklet{JSIERelease,
  author = "Microsoft",
  title = "Microsoft Internet Explorer 3.0 Beta Now Available",
  date = "1996-05-29",
  url = "https://news.microsoft.com/1996/05/29/microsoft-internet-explorer-3-0-beta-now-available/",
  urldate = "2021-11-17",
} 

@booklet{FirefoxFirstRelease,
  author = "Mozilla",
  title = "Firefox 1.0 Release Notes",
  date = "2004-11-09",
  url = "https://website-archive.mozilla.org/www.mozilla.org/firefox_releasenotes/en-us/firefox/releases/1.0",
  urldate = "2021-11-17",
} 

@booklet{ChromeFirstRelease,
  author = "Google",
  title = "A fresh take on the browser",
  date = "2008-09-01",
  url = "https://googleblog.blogspot.com/2008/09/fresh-take-on-browser.html",
  urldate = "2021-11-17",
} 

@booklet{IEDeprecation,
  author = "Microsoft",
  title = "Microsoft 365 apps say farewell to Internet Explorer 11 and Windows 10 sunsets Microsoft Edge Legacy",
  date = "2020-08-17",
  url = "https://techcommunity.microsoft.com/t5/microsoft-365-blog/microsoft-365-apps-say-farewell-to-internet-explorer-11-and/ba-p/1591666",
  urldate = "2021-11-17",
} 

@booklet{TSFirstRelease,
  author = "Hoban, Luke",
  title = "Announcing TypeScript 0.8.1",
  date = "2012-11-15",
  url = "https://devblogs.microsoft.com/typescript/announcing-typescript-0-8-1/",
  urldate = "2021-11-17",
} 

@booklet{NodeJS,
  author = "{OpenJS Foundation}",
  title = "Node.js",
  date = "2021",
  url = "https://nodejs.org",
  urldate = "2021-10-21",
}

@booklet{FaberJS,
  author = "{FusionCharts, Inc.}",
  title = "FaberJS",
  date = "2021-10-21",
  howpublished = "GitHub",
  url = "https://github.com/fusioncharts/faberjs",
  urldate = "2021-11-17",
}

@booklet{Yoga,
  author = "{Facebook}",
  title = "Yoga Layout",
  date = "2021",
  howpublished = "Facebook Open Source",
  url = "https://yogalayout.com",
  urldate = "2021-10-21",
}

@booklet{YogaRelease,
  author = "Sjölander, Emil",
  title = "Yoga: A cross-platform layout engine",
  date = "2016-12-07",
  howpublished = "Facebook Engineering",
  url = "https://engineering.fb.com/2016/12/07/android/yoga-a-cross-platform-layout-engine",
  urldate = "2021-11-17",
}

@booklet{ReactNative,
  author = "{Facebook}",
  title = "React Native",
  date ="2021",
  howpublished = "Facebook Open Source",
  url = "https://reactnative.dev",
  urldate = "2021-10-21",
}

@booklet{Litho,
  author = "{Facebook}",
  title = "Litho: A declarative UI framework for Android",
  date = "2021",
  howpublished = "Facebook Open Source",
  url = "https://fblitho.com",
  urldate = "2021-10-21",
}

@booklet{ComponentKit,
  author = "{Facebook}",
  title = "ComponentKit: A declarative UI framework for iOS",
  date = "2021",
  howpublished = "Facebook Open Source",
  url = "https://componentkit.org/",
  urldate = "2021-10-21",
}

@booklet{Observable,
  author = "{Observable, Inc}",
  title = "Observable: Explore, analyze, and explain data. As a team.",
  date = "2021",
  url = "https://observablehq.com/",
  urldate = "2021-10-21",
}

@booklet{WebKit,
  author = "{Apple Inc.}",
  title = "WebKit - A fast, open-source web browser engine",
  date = "2021",
  url = "https://webkit.org/",
  urldate = "2021-10-22",
}

@booklet{Blink,
  author = "{Chromium Project}",
  title = "Blink - Rendering Engine",
  date = "2021",
  url = "https://www.chromium.org/blink/",
  urldate = "2021-10-22",
}



% IVIS group work: 
% https://courses.isds.tugraz.at/ivis/projects/ss2021/ivis-ss2021-g2-project-respvis.pdf



