

@book{GrammarOfGraphics,
  author = "Leland Wilkinson",
  title = "The Grammar of Graphics",
  edition = "2",
  publisher = "Springer",
  date = "2005-07-15",
  doi = "10.1007/0-387-28695-0",
  isbn = "0387245448",
}


@book{HistoryOfDataVisAndGraphicCommunication,
  author       = "Michael Friendly and Howard Wainer",
  title        = "A History of Data Visualization and Graphic Communication",
  publisher    = "Harvard University Press",
  date         = "2021-06-08",
  isbn         = "0674975235",
  pagetotal    = "320",
}

@book{HistoryOfInformationGraphics,
  author       = "Sandra Rendgen",
  title        = "History of Information Graphics",
  publisher    = "Taschen",
  date         = "2019-06-26",
  isbn         = "3836567679",
  pagetotal    = "462",
}

@book{Meirelles-2013,
  author       = "Isabel Meirelles",
  title        = "Design for Information: An Introduction to the Histories, Theories,
                  and Best Practices Behind Effective Information Visualizations",
  publisher    = "Rockport",
  date         = "2013-10-01",
  isbn         = "1592538061",
  pagetotal    = "224",
}




@book{RosaUrsina,
  author = "Scheiner, Christoph",
  title = "Rosa Ursina sive Sol ex Admirando Facularum \& Macularum Suarum Phoenomeno Varius",
  date = "1630",
}

@book{RomeToledoBook,
  author = "Florent, Michael Florent van",
  title = "La Verdadera Longitud por Mar y Tierra",
  date = "1644",
}
 
@book{VisualDisplayOfQuantitativeInformation,
  author       = "Edward Rolf Tufte",
  title        = "The Visual Display of Quantitative Information",
  publisher    = "Graphics Press",
  edition      = "1",
  date         = "1983",
  isbn         = "1930824130",
}

@book{VisualExplanations,
  author       = "Edward Rolf Tufte",
  title        = "Visual Explanations",
  publisher    = "Graphics Press",
  date         = "1997-01-14",
  isbn         = "1930824157",
}

@book{CommercialAndPoliticalAtlas,
  author = "Playfair, William",
  title = "Commercial and Political Atlas: Representing, by Copper-Plate Charts, the Progress of the Commerce, Revenues, Expenditure, and Debts of England, during the Whole of the Eighteenth Century",
  publisher = "Cambridge University Press",
  date = "1786",
  isbn = "0521855543",
}

@book{StatisticalBreviary,
  author = "Playfair, William",
  title = "Statistical Breviary; Shewing, on a Principle Entirely New, the Resources of Every State and Kingdom in Europe",
  publisher = "Cambridge University Press",
  date = "1801",
  isbn = "0521855543",
}

@book{CommentariiInSomniumScipionis,
  author = "Macrobius, Ambrosius Theodosius",
  title = "Commentarii in somnium Scipionis",
  publisher = "De Gruyter",
  date = "1175",
  doi = "10.1515/9783110951899",
  isbn = "3598715269", 
}

@book{BuildingRespDataVisForTheWeb,
  author = "Hinderman, Bill",
  title = "Building Responsive Data Visualization for the Web",
  publisher = "Wiley",
  date = "2015-11-02",
  isbn = "1119067146",
}

@book{LearningRespDataVis,
  author = "Körner, Christoph",
  title = "Learning Responsive Data Visualization",
  publisher = "Packt Publishing",
  date = "2016-03-23",
  isbn = "178588378X",
}

@book{ModeOfCommunicationOfCholera,
  author = "Snow, John",
  title = "On the Mode of Communication of Cholera",
  publisher = "John Churchill",
  date = "1855",
  isbn = "9354417019",
}


@book{Wattenberger-D3,
  author       = "Amelia Wattenberger",
  title        = "Fullstack D3 and Data Visualization",
  publisher    = "Fullstack.io",
  date         = "2019-07-29",
  isbn         = "0991344650",
  url          = "https://newline.co/fullstack-d3",
}
% https://newline.co/fullstack-d3








@incollection{BriefHistoryOfDataVis,
  author = "Friendly, Michael",
  title = "A Brief History of Data Visualization",
  booktitle = "Handbook of Data Visualization",
  pages = "15--56",
  publisher = "Springer",
  date = "2008",
  doi = "10.1007/978-3-540-33037-0_2",
  isbn = "3540330364",
}







@inproceedings{TechniquesForFlexibleRespVisDesign,
  author       = "Hoffswell, Jane and Li, Wilmot and Liu, Zhicheng",
  title        = "Techniques for Flexible Responsive Visualization Design",
  booktitle    = "Proc.\ of the Conference on Human Factors in Computing Systems (CHI 2020)",
  pages        = "1--13",
  publisher    = "ACM",
  venue        = "Online",
  date         = "2020-04-25",
  doi          = "10.1145/3313831.3376777",
  url          = "https://idl.cs.washington.edu/files/2020-ResponsiveVis-CHI.pdf",
}

@inproceedings{TheEyesHaveIt,
  author = "Shneiderman, Ben",
  title = "The Eyes Have It: A Task by Data Type Taxonomy for Information Visualizations",
  booktitle = "Proc.\ of the 1996 IEEE Symposium on Visual Languages",
  pages = "336--336",
  venue = "Boulder, USA",
  date = "1996",
  doi = "10.1109/vl.1996.545307",
  url = "https://citeseerx.ist.psu.edu/viewdoc/download?doi=10.1.1.445.8909&rep=rep1&type=pdf",
}

@inproceedings{LowLevelComponentsOfAnalyticActivity,
  author = "Amar, Robert and Eagan, James and Stasko, John",
  title = "Low-level Components of Analytic Activity in Information Visualization",
  booktitle = "Proc.\ of the 2005 IEEE Symposium on Information Visualization (InfoVis 05)",
  pages = "111--117",
  publisher = "IEEE",
  venue = "Minneapolis, USA",
  date = "2005",
  doi = "10.1109/INFVIS.2005.1532136",
  url = "http://citeseerx.ist.psu.edu/viewdoc/download?doi=10.1.1.86.1013&rep=rep1&type=pdf",
}

% https://www.youtube.com/watch?v = cQKzpKfea-E
@inproceedings{RespVis,
  author = "Andrews, Keith",
  title = "Responsive Visualization",
  booktitle = "Proc.\ of the CHI 2018 Workshop on Data Visualization on Mobile Devices (MobileVis 2018)",
  venue = "Montréal, Canada",
  date = "2018-04-21",
  url = "https://mobilevis.github.io/assets/mobilevis2018_paper_4.pdf"
}

@inproceedings{EventDrivenFRP,
  author = "Wan, Zhanyong and Taha, Walid and Hudak, Paul",
  title = "Event-Driven FRP",
  booktitle = "Proc.\ of the 4th International Symposium on Practical Aspects of Declarative Languages",
  pages = "155--172",
  publisher = "Springer",
  venue = "Las Vegas, USA",
  date = "2001-12-20",
  doi = "10.1007/3-540-45587-6_11",
  isbn = "354043092X"
}

@inproceedings{CompassQL,
  author = "Wongsuphasawat, Kanit and Moritz, Dominik and Anand, Anushka and Mackinlay, Jock and Howe, Bill and Heer, Jeffrey",
  title = "Towards a general-purpose query language for visualization recommendation",
  booktitle = "Proc.\ of the 2016 Workshop on Human-In-the-Loop Data Analytics",
  pages = "1--6",
  publisher = "ACM Digital Library",
  venue = "San Francisco, USA",
  date = "2016-06-26",
  doi = "10.1145/2939502.2939506",
  url = "http://idl.cs.washington.edu/files/2016-CompassQL-HILDA.pdf",
}





@article{DesignPatternsTradeOffsRespVis,
  author       = "Kim, Hyeok and Moritz, Dominik and Hullman, Jessica",
  title        = "Design Patterns and Trade-Offs in Responsive Visualization for Communication",
  journal      = "Computer Graphics Forum",
  volume       = "40",
  number       = "3",
  pages        = "459--470",
  publisher    = "Eurographics",
  date         = "2021-06",
  doi          = "10.1111/cgf.14321",
  url          = "https://arxiv.org/pdf/2104.07724.pdf",
}

@article{PreattentiveProcessing,
  author = "Treisman, Anne",
  title = "Preattentive Processing in Vision",
  journal = "Computer Vision, Graphics, and Image Processing",
  volume = "31",
  number = "2",
  pages = "156--177",
  publisher = "Elsevier",
  date = "1985-08",
  doi = "10.1016/S0734-189X(85)80004-9",
}

@article{AnscombesQuartet,
  author = "Anscombe, Francis J",
  title = "Graphs in Statistical Analysis",
  journal = "The American Statistician",
  volume = "27",
  number = "1",
  pages = "17--21",
  publisher = "American Statistical Association",
  date = "1973-02",
  doi = "10.1080/00031305.1973.10478966",
  url = "https://www.jstor.org/stable/pdf/2682899.pdf", 
}

@article{GenDataIdenticalStatisticsDissimilarGraphics,
  author = "Chatterjee, Sangit and Firat, Aykut",
  title = "Generating Data with Identical Statistics but Dissimilar Graphics: A Follow up to the Anscombe Dataset",
  journal = "The American Statistician",
  volume = "61",
  number = "3",
  pages = "248--254",
  publisher = "Taylor \& Francis, Ltd.",
  date = "2007-08",
  doi = "10.1198/000313007X220057",
  url = "https://www.jstor.org/stable/pdf/27643902.pdf"
}

@article{RoleOfInteractionInInformationVisualization,
  author = "Yi, Ji Soo and ah Kang, Youn and Stasko, John and Jacko, Julie A",
  title = "Toward a Deeper Understanding of the Role of Interaction in Information Visualization",
  journal = "IEEE Transactions on Visualization and Computer Graphics",
  volume = "13",
  number = "6",
  pages = "1224--1231",
  publisher = "IEEE",
  date = "2007-11-05",
  doi = "10.1109/TVCG.2007.70515",
  url = "https://innovis.cpsc.ucalgary.ca/innovis/uploads/Courses/InformationVisualizationDetails2009/Yi.pdf"
}



@article{D3,
  author = "Bostock, Michael and Ogievetsky, Vadim and Heer, Jeffrey",
  title = "D$^3$ Data-Driven Documents",
  journal = "IEEE Transactions on Visualization and Computer Graphics",
  volume = "17",
  number = "12",
  pages = "2301--2309",
  publisher = "IEEE",
  date = "2011-11-03",
  doi = "10.1109/TVCG.2011.185",
  url = "https://idl.cs.washington.edu/files/2011-D3-InfoVis.pdf",
}
% http://idl.cs.washington.edu/files/2011-D3-InfoVis.pdf


@article{Protovis,
  author = "Bostock, Michael and Heer, Jeffrey",
  title = "Protovis: A Graphical Toolkit for Visualization",
  journal = "IEEE Transactions on Visualization and Computer Graphics",
  volume = "15",
  number = "6",
  pages = "1121--1128",
  publisher = "IEEE",
  date = "2009-10-23",
  doi = "10.1109/TVCG.2009.174",
  url ="https://idl.cs.washington.edu/files/2009-Protovis-InfoVis.pdf",
}



@article{PrincipleOfParsimony,
  author = "Sober, Elliott",
  title = "The Principle of Parsimony",
  journal = "The British Journal for the Philosophy of Science",
  volume = "32",
  number = "2",
  pages = "145--156",
  date = "1979-12-10",
  doi = "10.1093/bjps/32.2.145",
}

@article{ReactiveVega,
  author = "Satyanarayan, Arvind and Russell, Ryan and Hoffswell, Jane and Heer, Jeffrey",
  title = "Reactive Vega: A Streaming Dataflow Architecture for Declarative Interactive Visualization",
  journal = "IEEE Transactions on Visualization and Computer Graphics",
  volume = "22",
  number = "1",
  pages = "659--668",
  publisher = "IEEE",
  date = "2015-08-12",
  doi = "10.1109/TVCG.2015.2467091",
  url = "http://idl.cs.washington.edu/files/2015-ReactiveVega-InfoVis.pdf",
}

@article{VegaLite,
  author = "Satyanarayan, Arvind and Moritz, Dominik and Wongsuphasawat, Kanit and Heer, Jeffrey",
  title = "Vega-Lite: A Grammar of Interactive Graphics",
  journal = "IEEE Transactions on Visualization and Computer Graphics",
  volume = "23",
  number = "1",
  pages = "341--350",
  publisher = "IEEE",
  date = "2016-08-10",
  doi = "10.1109/TVCG.2016.2599030",
  url = "https://files.osf.io/v1/resources/mqzyx/providers/osfstorage/5be5e643d354e900197998bd?version=1&direct&format=pdf",
}

@article{Voyager,
  author = "Wongsuphasawat, Kanit and Moritz, Dominik and Anand, Anushka and Mackinlay, Jock and Howe, Bill and Heer, Jeffrey",
  title = "Voyager: Exploratory Analysis via Faceted Browsing of Visualization Recommendations",
  journal = "IEEE Transactions on Visualization and Computer Graphics",
  volume = "22",
  number = "1",
  pages = "649--658",
  publisher = "IEEE",
  date = "2015-08-12",
  doi = "10.1109/TVCG.2015.2467191",
  url = "https://www.domoritz.de/papers/2015-Voyager-InfoVis.pdf",
}

@article{ECharts,
  author = "Li, Deqing and Mei, Honghui and Shen, Yi and Su, Shuang and Zhang, Wenli and Wang, Junting and Zu, Ming and Chen, Wei",
  title = "ECharts: A declarative framework for rapid construction of web-based visualization",
  journal = "Visual Informatics",
  volume = "2",
  number = "2",
  pages = "136--146",
  publisher = "Elsevier",
  date = "2018-05-17",
  doi = "10.1016/j.visinf.2018.04.011",
  url = "http://chinavis.org/2018/echarts.pdf",
}

@article{FlorenceNightingale,
  author = "Cohen, I. Bernard",
  title = "Florence Nightingale",
  journal = "Scientific American",
  volume = "250",
  number = "3",
  pages = "128--137",
  publisher = "Springer",
  date = "1984-03",
  doi = "10.1038/scientificamerican0384-128",
  url = "https://accounts.smccd.edu/case/biol675/docs/nightingale.pdf",
}

@article{Lyra,
  author = "Satyanarayan, Arvind and Heer, Jeffrey",
  title = "Lyra: An Interactive Visualization Design Environment",
  journal = "Computer Graphics Forum",
  volume = "33",
  number = "3",
  pages = "351--360",
  publisher = "Wiley",
  date = "2014-07-12",
  doi = "10.1111/cgf.12391",
}




@booklet{KeithThesis,
  author = "Andrews, Keith",
  title = "Writing a Thesis: Guidelines for Writing a Master's Thesis in Computer Science",
  howpublished = "Graz University of Technology, Austria",
  date = "2019-01-24",
  url = "http://ftp.iicm.edu/pub/keith/thesis/",
  urldate = "2021-11-17",
}

@booklet{IVISCourseNotes,
  author = "Andrews, Keith",
  title = "Information Visualisation - Course Notes",
  howpublished = "Graz University of Technology, Austria",
  date = "2021-04-01",
  url = "https://courses.isds.tugraz.at/ivis/ivis.pdf",
  urldate = "2021-11-17",
}

@booklet{RespVisSurvey,
  title = "Information Visualization Survey - Responsive Data Visualization",
  author = "Adler, Valentin and Jahaj, Ledio and Petritz, Markus and Yeli, Pooja",
  date = "2021-05-10",
  howpublished = "Graz University of Technology, Austria",
  url = "https://courses.isds.tugraz.at/ivis/surveys/ss2021/ivis-ss2021-g2-survey-resp-datavis.pdf",
  urldate = "2021-11-17",
}

@booklet{HighD,
  author       = "{Macrofocus}",
  title        = "High-D: High Dimensionality Analytics Using Parallel Coordinates",
  date         = "2021",
  url          = "https://www.high-d.com/",
  urldate      = "2021-10-21",
}


@booklet{D3JS,
  author       = "Mike Bostock",
  title        = "D3.js -- Data-Driven Documents",
  date         = "2021",
  url          = "https://d3js.org/",
  urldate      = "2021-12-28",
}


@booklet{Vega,
  author       = "{IDL}",
  title        = "Vega – A Visualization Grammar",
  howpublished = "UW Interactive Data Lab",
  date         = "2021",
  url          = "https://vega.github.io/vega",
  urldate      = "2021-10-21",
}


% TODO: top contributors as authors?
@booklet{ChartJS,
  title = "Chart.js",
  date = "2021",
  howpublished = "GitHub",
  url = "https://github.com/chartjs/Chart.js",
  urldate = "2021-10-21",
}

@booklet{Highcharts,
  author = "{Highsoft}",
  title = "Highcharts",
  date = "2021",
  url = "https://www.highcharts.com/",
  urldate = "2021-10-21",
}

@booklet{ApexCharts,
  author = "Chhipa, Juned and Lagunas, Brian",
  title = "ApexCharts",
  date = "2021",
  url = "https://apexcharts.com/",
  urldate = "2021-10-21",
}

@booklet{PlotlyJS,
  author = "{Plotly}",
  title = "Plotly JavaScript Open Source Graphing Library",
  date = "2021",
  url = "https://plotly.com/javascript",
  urldate = "2021-10-21",
}

@booklet{C3JS,
  author       = "Masayuki Tanaka",
  title        = "C3.js",
  date         = "2020-08-08",
  url          = "https://c3js.org/",
  urldate      = "2022-01-03",
}

@booklet{Chartist,
  author = "Kunz, Gion",
  title = "Chartist.js",
  date = "2021",
  url = "http://gionkunz.github.io/chartist-js/",
  urldate = "2021-10-21",
}

@booklet{amCharts,
  author = "{amCharts}",
  title = "amCharts",
  date = "2021",
  url = "https://www.amcharts.com/",
  urldate = "2021-10-21",
}

@booklet{billboardJS,
  author = "{NAVER}",
  title = "bilboard.js",
  date = "2021",
  url = "https://naver.github.io/billboard.js/",
  urldate = "2021-10-21",
}

@booklet{D3FC,
  author = "{Scott Logic}",
  title = "D3FC",
  date = "2021",
  url = "https://d3fc.io/",
  urldate = "2021-10-21",
}

@booklet{DesignPatternsTradeOffsRespVisGallery,
  author = "Kim, Hyeok and Moritz, Dominik and Hullman, Jessica",
  title = "Responsive Visualization Gallery",
  date = "2021",
  url = "https://mucollective.github.io/responsive-vis-gallery/",
  urldate = "2021-10-21",
}
