@booklet{Browsersync,
  title = "Browsersync",
  date = "2022-04-01",
  howpublished = "GitHub",
  url = "https://browsersync.io/",
  url date = "2022-01-04",
  }
