% Responsive Chart Examples 
% -------------------------

@booklet{NickRabinowitzRDV,
  author = "Rabinowitz, Nick",
  title = "Responsive Data Visualization",
  date = "2021-10-22",
  howpublished = "GitHub",
  url = "http://nrabinowitz.github.io/rdv/",
  url date = "2022-01-04",
}

% reduce width, recompose ticks
@booklet{RespHBars,
  author = "Minczeski, Pat and Mancini, Donato Paolo and McEnaney, Colleen and French, Jason",
  title = "France’s New Political Class",
  date = "2017-07-03",
  howpublished = "The Wall Street Journal",
  url = "https://www.wsj.com/graphics/french-assembly-2017/",
  url date = "2022-01-04",
}

% reduce width, serialize ticks and bars
@booklet{RespHBar,
  author = "Barnett, Andrew and French, Jason and Wall, Robert",
  title = "Comparing the World's Fighter Jets",
  date = "2016-09-25",
  howpublished = "The Wall Street Journal",
  url = "http://graphics.wsj.com/how-the-worlds-best-fighter-jets-measure-up",
  url date = "2022-01-04",
}

% reduce width, remove redundant annotations
@booklet{RespHStackedBar,
  author = "Bui, Quoctrung",
  title = "Delta Variant Hasn’t Yet Changed Many Return-to-Office Plans",
  date = "2021-08-23",
  howpublished = "The New York Times",
  url = "https://www.nytimes.com/2021/08/12/upshot/covid-return-to-office.html",
  url date = "2022-01-04",
}

% reduce width, simplify annotations, relocate annotations, recompose ticks, simplify tick labels
@booklet{RespVBar,
  author = "{WSJ Graphics}",
  title = "October’s Not as Bleak as Its Reputation for Stock Markets",
  date = "2017-10-07",
  howpublished = "The Wall Street Journal",
  url = "https://www.wsj.com/articles/octobers-not-as-bleak-as-its-reputation-for-stock-markets-1507384342",
  url date = "2022-01-04",
}

% bar: reduce width, recompose ticks
% line: reduce width, recompose ticks, reposition annotations
@booklet{RespHBarHLine,
  author = "Francis, Theo",
  title = "Why You Probably Work for a Giant Company, in 20 Charts",
  date = "2017-04-06",
  howpublished = "The Wall Street Journal",
  url = "https://www.wsj.com/graphics/big-companies-get-bigger/",
  url date = "2022-01-04",
}

% recompose ticks, simplify tick labels, reposition annotations, increase height, simplify annotations
@booklet{RespHLines,
  author = "Fessenden, Ford and Park, Haeyoun",
  title = "Chicago's Murder Problem",
  date = "2016-05-27",
  howpublished = "The New York Times",
  url = "https://www.nytimes.com/interactive/2016/05/18/us/chicago-murder-problem.html",
  url date = "2022-01-04",
}

% bar: reduce width, remove annotation %
% line: externalize annotations %
@booklet{RespHLineHStackedBar,
  author = "Aisch, Gregor and Buchanan, Larry and Cox, Amanda and Quealy, Kevin",
  title = "Some Colleges Have More Students From the Top 1 Percent Than the Bottom 60. Find Yours.",
  date = "2017-01-18",
  howpublished = "The New York Times",
  url = "https://www.nytimes.com/interactive/2017/01/18/upshot/some-colleges-have-more-students-from-the-top-1-percent-than-the-bottom-60.html",
  url date = "2022-01-04",
}

% reduce width, internalize annotations
@booklet{RespHLine,
  author = "Katz, Josh and Sanger-Katz, Margot",
  title = "‘It’s Huge, It’s Historic, It’s Unheard-of’: Drug Overdose Deaths Spike",
  date = "2021-07-14",
  howpublished = "The New York Times",
  url = "https://www.nytimes.com/interactive/2021/07/14/upshot/drug-overdose-deaths.html",
  url date = "2022-01-04",
}

% radial scatter: serialize legend, recompose ticks %
% line: reduce width % 
@booklet{RespRadialScatterHLine,
  author = "Barton, Susanne and Recht, Hannah",
  title = "The Massive Prize Luring Miners to the Stars",
  date = "2018-03-08",
  howpublished = "Bloomberg",
  url = "https://bloomberg.com/graphics/2018-asteroid-mining/",
  url date = "2022-01-04",
}


% reduce width, externalize annotations, disable hover interactions
@booklet{RespScatter,
  author = "Canipe, Chris and Yeip, Randy",
  title = "Health-Care Holdouts in the House",
  date = "2017-05-02",
  howpublished = "The Wall Street Journal",
  url = "https://www.wsj.com/graphics/house-health-care-holdouts-round-two/",
  url date = "2022-01-04",
}

% reduce width, remove annotations, disable hover interactions
@booklet{RespScatter2,
  author = "Shifflett, Shane",
  title = "A Divided America",
  date = "2016-11-09",
  howpublished = "The Wall Street Journal",
  url = "https://www.wsj.com/graphics/elections/2016/divided-america/",
  url date = "2022-01-04",
}

% internalize labels, recompose ticks, fluid small multiples
@booklet{RespSmallMultiples,
  author = "Aisch, Gregor and Pearce, Adam and Rousseau, Bryant",
  title = "How Far Is Europe Swinging to the Right?",
  date = "2017-10-23",
  howpublished = "The New York Times",
  url = "https://www.nytimes.com/interactive/2016/05/22/world/europe/europe-right-wing-austria-hungary.html",
  url date = "2022-01-04",
}

% fluid small multiples, fix tooltip position
@booklet{RespSmallMultiples2,
  author = "Pearce, Adam",
  title = "LeBron James Scores 5995th Playoff Point, Taking the Record From Michael Jordan",
  date = "2017-05-25",
  howpublished = "The New York Times",
  url = "https://www.nytimes.com/interactive/2017/05/25/sports/basketball/lebron-career-playoff-points-record.html",
  url date = "2022-01-04",
}


% Static Chart Examples 
% -------------------------

@booklet{HVBar,
  author = "Bui, Quoctrung",
  title = "Three Months’ Salary for an Engagement Ring? For Most People, It’s More Like Two Weeks",
  date = "2019-02-13",
  howpublished = "The New York Times",
  url = "https://www.nytimes.com/interactive/2019/02/13/upshot/engagement-rings-cost-two-weeks-pay.html",
  url date = "2022-01-04",
}

@booklet{HBar,
  author = "{The Learning Network}",
  title = "What’s Going On in This Graph? Dec. 5, 2018",
  date = "2018-12-06",
  howpublished = "The New York Times",
  url = "https://www.nytimes.com/2018/11/29/learning/whats-going-on-in-this-graph-dec-5-2018.html",
  url date = "2022-01-04",
}

@booklet{VBar,
  author = "{The Learning Network}",
  title = "What’s Going On in This Graph? Voters by Age Group",
  date = "2020-03-05",
  howpublished = "The New York Times",
  url = "https://www.nytimes.com/2020/02/27/learning/whats-going-on-in-this-graph-voters-by-age-group.html",
  url date = "2022-01-04",
}

@booklet{GroupedBar,
  author = "{Ferdio ApS}",
  title = "Grouped Bar Chart",
  date = "2021-10-22",
  howpublished = "Data Viz Project",
  url = "https://datavizproject.com/data-type/grouped-bar-chart/",
  url date = "2022-01-04",
}

@booklet{StackedBar,
  author = "{Ferdio ApS}",
  title = "Stacked Bar Chart",
  date = "2021-10-22",
  howpublished = "Data Viz Project",
  url = "https://datavizproject.com/data-type/stacked-bar-chart/",
  url date = "2022-01-04",
}


@booklet{MapBarLine,
  author = "{The Learning Network}",
  title = "What’s Going On in This Graph? North American Bird Populations",
  date = "2020-02-28",
  howpublished = "The New York Times",
  url = "https://www.nytimes.com/2020/01/09/learning/whats-going-on-in-this-graph-north-american-bird-populations.html",
  url date = "2022-01-04",
}


@booklet{HLine,
  author = "{The Learning Network}",
  title = "What’s Going On in This Graph? Sept. 18, 2019",
  date = "2019-09-19",
  howpublished = "The New York Times",
  url = "https://www.nytimes.com/2019/09/12/learning/whats-going-on-in-this-graph-sept-18-2019.html",
  url date = "2022-01-04",
}

@booklet{HLine2,
  author = "{The Learning Network}",
  title = "What’s Going On in This Graph? March 6, 2019",
  date = "2019-03-09",
  howpublished = "The New York Times",
  url = "https://www.nytimes.com/2019/09/12/learning/whats-going-on-in-this-graph-sept-18-2019.html",
  url date = "2022-01-04",
}

@booklet{VLine,
  author = "Munroe, Randall",
  title = "Earth Temperature Timeline",
  date = "2021-10-21",
  howpublished = "xkcd",
  url = "https://xkcd.com/1732/",
  url date = "2022-01-04",
}


@booklet{Scatter,
  author = "{The Learning Network}",
  title = "What’s Going On in This Graph? March 13, 2018",
  date = "2018-03-15",
  howpublished = "The New York Times",
  url = "https://www.nytimes.com/2018/03/08/learning/whats-going-on-in-this-graph-march-13-2018.html",
  url date = "2022-01-04",
}


@booklet{Scatter2,
  author = "{The Learning Network}",
  title = "What’s Going On in This Graph? Oct. 17, 2018",
  date = "2018-10-18",
  howpublished = "The New York Times",
  url = "https://www.nytimes.com/2018/10/16/learning/whats-going-on-in-this-graph-oct-17-2018.html",
  url date = "2022-01-04",
}