% Books
% -----

@book{GridLayoutInCSS,
  author = {Eric A. Meyer},
  title = {Grid Layout in CSS: Interface Layout for the Web},
  publisher = {O'Reilly Media},
  edition = {1},
  date = {2016-04-18},
  isbn = {1491930217},
}

@book{GrammarOfGraphics,
  author = {Wilkinson, Leland},
  title = {The Grammar of Graphics},
  publisher = {Springer},
  edition = {2},
  date = {2005-07-15},
  isbn = {0387245448},
  doi = {10.1007/0-387-28695-0},
}

@book{ResponsiveWebDesign,
  author = {Marcotte, Ethan},
  title = {Responsive Web Design},
  publisher = {A Book Apart},
  edition = {2},
  date = {2014-12-02},
  isbn = {1937557189},
}

@book{HistoryOfDataVisAndGraphicCommunication,
  author = {Friendly, Michael and Wainer, Howard},
  title = {A History of Data Visualization and Graphic Communication},
  publisher = {Harvard University Press},
  date = {2021-08-27},
  isbn = {0674975235},
}

@book{HistoryOfInformationGraphics,
  author = {Rendgen, Sandra},
  title = {History of Information Graphics},
  publisher = {TASCHEN},
  date = {2019-06-26},
  isbn = {3836567679},
}

@book{RosaUrsina,
  title = {Rosa Ursina sive Sol ex Admirando Facularum \& Macularum Suarum Phoenomeno Varius},
  author = {Scheiner, Christoph},
  year = {1626--1630},
}
 
@book{VisualDisplayOfQuantitativeInformation,
  title={The visual display of quantitative information},
  author={Tufte, Edward R and Graves-Morris, Peter R},
  volume={2},
  number={9},
  year={1983},
  publisher={Graphics press Cheshire, CT},
  isbn={1930824130},
}

@book{CommercialAndPoliticalAtlas,
  title = {Commercial and Political Atlas: Representing, by Copper-Plate Charts, the Progress of the Commerce, Revenues, Expenditure, and Debts of England, during the Whole of the Eighteenth Century},
  author = {Playfair, William},
  year = {1786},
  publisher = {Cambridge University Press},
  isbn = {0521855543},
}

@book{StatisticalBreviary,
  title = {Statistical Breviary; Shewing, on a Principle Entirely New, the Resources of Every State and Kingdom in Europe},
  author = {Playfair, William},
  year = {1801},
  publisher = {Cambridge University Press},
  isbn = {0521855543},
}

@book{CommentariiInSomniumScipionis,
  title = {Commentarii in somnium Scipionis},
  author = {Macrobius, Ambrosius Theodosius},
  year = {1175--1199},
  publisher = {De Gruyter},
  isbn = {3598715269}, 
  doi = {10.1515/9783110951899},
}

% Journal Articles
% ----------------

@inproceedings{UnderstandingTS,
  author = {Bierman, Gavin and Abadi, Martín and Torgersen, Mads},
  title = {Understanding TypeScript},
  journal = {Proceedings of the 28th European Conference on Object-Oriented Programming},
  year = {2014},
  month = {08},
  volume = {8586},
  pages = {257--281},
  doi = {10.1007/978-3-662-44202-9_11},
}

@inproceedings{ToTypeOrNotToType,
  author = {Gao, Zheng and Bird, Christian and Barr, Earl T.},
  title = {To Type or Not to Type: Quantifying Detectable Bugs in JavaScript},
  journal = {Proceedings of the 39th International Conference on Software Engineering},
  year = {2017},
  month = {05},
  pages = {758--769},
  doi = {10.1109/ICSE.2017.75},
}

% https://osf.io/zrqfy/
% https://arxiv.org/pdf/2104.07724.pdf
@article{DesignPatternsTradeOffsRespVis,
  journal = {Computer Graphics Forum},
  title = {{Design Patterns and Trade-Offs in Responsive Visualization for Communication}},
  author = {Kim, Hyeok and Moritz, Dominik and Hullman, Jessica},
  year = {2021},
  publisher = {The Eurographics Association and John Wiley & Sons Ltd.},
  doi = {10.1111/cgf.14321},
}

% https://jhoffswell.github.io/website/resources/papers/2020-ResponsiveVisualization-CHI.pdf
@inproceedings{TechniquesForFlexibleRespVisDesign,
  title = {Techniques for Flexible Responsive Visualization Design},
  author = {Hoffswell, Jane and Li, Wilmot and Liu, Zhicheng},
  journal = {Proceedings of the 2020 CHI Conference on Human Factors in Computing Systems},
  pages = {1--13},
  year = {2020},
  doi = {10.1145/3313831.3376777},
}

%  https://www.sciencedirect.com/science/article/abs/pii/S0734189X85800049
@article{PreattentiveProcessing,
  title = {Preattentive processing in vision},
  author = {Treisman, Anne},
  journal = {Computer Vision, Graphics, and Image Processing},
  volume = {31},
  number = {2},
  pages = {156--177},
  year = {1985},
  month = {08},
  publisher = {Elsevier},
  doi = {10.1016/S0734-189X(85)80004-9},
}

@article{AnscombesQuartet,
  title = {Graphs in Statistical Analysis},
  author = {Anscombe, Francis J},
  journal = {The American Statistician},
  volume = {27},
  number = {1},
  pages = {17--21},
  year = {1973},
  month = {02},
  publisher = {American Statistical Association},
  doi = {10.1080/00031305.1973.10478966},
}

@article{GenDataIdenticalStatisticsDissimilarGraphics,
  title = {Generating Data with Identical Statistics but Dissimilar Graphics: A Follow up to the Anscombe Dataset},
  author = {Chatterjee, Sangit and Firat, Aykut},
  journal = {The American Statistician},
  volume = {61},
  number = {3},
  pages = {248--254},
  year = {2007},
  month = {08},
  publisher = {Taylor \& Francis, Ltd.},
  doi = {10.1198/000313007X220057},
}

@inproceedings{TheEyesHaveIt,
  title = {The Eyes Have It: A Task by Data Type Taxonomy for Information Visualizations},
  author = {Shneiderman, Ben},
  booktitle = {Proceedings 1996 IEEE Symposium on Visual Languages},
  pages = {336--336},
  year = {1996},
  publisher = {IEEE},
  doi = {10.1109/vl.1996.545307},
}

@inproceedings{LowLevelComponentsOfAnalyticActivity,
  title = {Low-level Components of Analytic Activity in Information Visualization},
  author = {Amar, Robert and Eagan, James and Stasko, John},
  booktitle = {Proceedings of the 2005 IEEE Symposium on Information Visualization (InfoVis 05)},
  pages = {111--117},
  year = {2005},
  publisher = {IEEE},
  doi = {10.1109/INFVIS.2005.1532136},
}

@article{VisualExplanations,
  title={Visual Explanations. Cheshire, CT},
  author={Tufte, Edward R},
  journal={Graphics Press},
  volume={40},
  pages={310--12},
  year={1997}
}


% Online Resources
% ----------------

@TechReport{HTML,
  author = {Hickson, Ian and Pieters, Simon and Kesteren, Anne van and Jägenstedt, Philip and Denicola, Domenic},
  institution = {WHATWG},
  title = {HTML Standard},
  type = {Living Standard},
  date = {2021-08-11},
  url = {https://html.spec.whatwg.org},
}

@TechReport{HTML32,
  author = {Raggett, Dave},
  institution = {W3C},
  title = {HTML 3.2 Reference Specification},
  type = {W3C Recommendation},
  date = {1997-01-14},
  url = {https://www.w3.org/TR/2018/SPSD-html32-20180315},
}

@booklet{CSSProposal,
  author = {Lie, Håkon Wium},
  title = {Cacading HTML Style Sheets: A Proposal},
  year = {1994},
  url = {https://www.w3.org/People/howcome/p/cascade.html},
} 

@TechReport{CSS1,
  author = {Lie, Håkon Wium and Bos, Bert},
  institution = {W3C},
  title = {Cascading Style Sheets Level 1 (CSS 1) Specification},
  type = {W3C Recommendation},
  date = {1996-12-17},
  url = {https://www.w3.org/TR/CSS1/},
} 

@TechReport{CSS21,
  author = {Bos, Bert and Çelik, Tantek and Hickson, Ian and Lie, Håkon Wium},
  title = {Cascading Style Sheets Level 2 Revision 1 (CSS 2.1) Specification},
  date = {2011-06-07},
  url = {https://www.w3.org/TR/CSS2},
  type = {W3C Recommendation},
  institution = {W3C},
}

@TechReport{CSSFlexbox,
  author = {Atkins, Tab and Etemad, Elika J. and Atanassov, Rossen},
  institution = {W3C},
  title = {CSS Flexible Box Layout Module Level 1},
  type = {W3C Candidate Recommendation},
  date = {2018-11-19},
  url = {https://www.w3.org/TR/css-flexbox-1},
} 

@TechReport{CSSFlexboxFirstDraft,
  author = {Deakin, Neil and Hickson, Ian and Hyatt, David},
  institution = {W3C},
  title = {CSS Flexible Box Layout Module},
  type = {W3C Working Draft},
  date = {2009-07-23},
  url = {http://www.w3.org/TR/2009/WD-css3-flexbox-20090723/},
} 

@TechReport{CSSGridFirstDraft,
  author = {Mogilevsky, Alex and Cupp, Phil and Mielke, Markus and Glazman, Daniel},
  institution = {W3C},
  type = {W3C Working Draft},
  title = {Grid Layout},
  date = {2011-04-07},
  url = {https://www.w3.org/TR/2011/WD-css3-grid-layout-20110407/},
}

@TechReport{CSSGrid,
  author = {Atkins, Tab and Etemad, Elika J. and Atanassov, Rossen and Brufau, Oriol},
  institution = {W3C},
  type = {W3C Candidate Recommendation},
  title = {CSS Grid Layout Module Level 1},
  date = {2020-12-18},
  url = {https://www.w3.org/TR/css-grid-1/},
} 

@TechReport{DOM1,
  author = {Wood, Lauren and Apparao, Vidur and Byrne, Steve and Champion, Mike and Isaacs, Scott and Nicol, Gavin and Sorensen, Jared and Sutor, Robert and Wilson, Chris},
  title = {Document Object Model Specification},
  type = {W3C Working Draft},
  date = {1998-04-16},
  url = {https://www.w3.org/TR/1998/WD-DOM-19980416/},
} 

@TechReport{DOM,
  author = {Kesteren, Anne van and Gregor, Aryeh and Ms2ger},
  institution = {WHATWG},
  type = {Living Standard},
  title = {DOM Standard},
  date = {2021-08-02},
  url = {https://dom.spec.whatwg.org/},
} 

@TechReport{ResizeObserver,
  author = {Totic, Aleks and Whitworth, Greg},
  institution = {W3C},
  title = {Resize Observer},
  type = {W3C Working Draft},
  date = {2020-02-11},
  url = {https://www.w3.org/TR/2020/WD-resize-observer-1-20200211/},
} 

@TechReport{ECMAScript1,
  institution = {Ecma International},
  title = {ECMAScript: A general purpose, cross-platform programming language},
  type = {ECMA-262},
  year = {1997},
  month = {06},
  url = {https://www.ecma-international.org/wp-content/uploads/ECMA-262_1st_edition_june_1997.pdf},
} 

@TechReport{ECMAScript5,
  institution = {Ecma International},
  title = {ECMAScript 5th Edition Language Specification},
  type = {ECMA-262},
  year = {2009},
  month = {12},
  url = {https://www.ecma-international.org/wp-content/uploads/ECMA-262_5th_edition_december_2009.pdf},
} 

@TechReport{ECMAScript6,
  institution = {Ecma International},
  title = {ECMAScript 6th Edition Language Specification},
  type = {ECMA-262},
  year = {2015},
  month = {06},
  url = {https://262.ecma-international.org/6.0/},
} 

@booklet{TBLProposal,
  author = {Tim Berners-Lee},
  title = {Information management: A Proposal},
  year = {1989},
  url = {http://www.w3.org/History/1989/proposal.html},
} 

@booklet{CanIUseCSSFlexbox,
  author = {Deveria, Alexis},
  title = {Can I use CSS Flexible Box Layout Module},
  date = {2021-08-13},
  url = {https://caniuse.com/flexbox},
} 

@booklet{CanIUseCSSGrid,
  author = {Deveria, Alexis},
  title = {Can I use CSS Grid Layout},
  date = {2021-08-19},
  url = {https://caniuse.com/css-grid},
} 

@booklet{CSSGridVsFlexbox,
  author = {Rendle, Robin},
  title = {Does CSS Grid Replace Flexbox?},
  date = {2017-03-31},
  url = {https://css-tricks.com/css-grid-replace-flexbox/},
} 

@booklet{StatisticProgrammingLanguageUsage,
  author = {Liu, Shanhong},
  title = {Most used programming languages among developers worldwide},
  date = {2021-08-05},
  url = {https://www.statista.com/statistics/793628/worldwide-developer-survey-most-used-languages/},
} 

@booklet{BrowserMarketShareEarly,
  author = {Routley, Nick},
  title = {Internet Browser Market Share (1996–2019)},
  date = {2020-01-20},
  url = {https://www.visualcapitalist.com/internet-browser-market-share/},
} 

@booklet{BrowserMarketShare,
  author = {Statcounter},
  title = {Desktop Browser Market Share Worldwide},
  date = {2021-07-31},
  url = {https://gs.statcounter.com/browser-market-share/desktop/worldwide/#yearly-2009-2021},
} 

@booklet{JSFirstRelease,
  author = {{Netscape Communications Corporation}},
  title = {Netscape and Sun Announce JavaScript, the Open, Cross-Platform Object Scripting Language for Enterprise Networks and the Internet},
  date = {1995-12-04},
  url = {https://web.archive.org/web/20070916144913/http://wp.netscape.com/newsref/pr/newsrelease67.html},
} 

@booklet{JSIERelease,
  author = {Microsoft},
  title = {Microsoft Internet Explorer 3.0 Beta Now Available},
  date = {1996-05-29},
  url = {https://news.microsoft.com/1996/05/29/microsoft-internet-explorer-3-0-beta-now-available/},
} 

@booklet{FirefoxFirstRelease,
  author = {Mozilla},
  title = {Firefox 1.0 Release Notes},
  date = {2004-11-09},
  url = {https://website-archive.mozilla.org/www.mozilla.org/firefox_releasenotes/en-us/firefox/releases/1.0},
} 

@booklet{ChromeFirstRelease,
  author = {Google},
  title = {A fresh take on the browser},
  date = {2008-09-01},
  url = {https://googleblog.blogspot.com/2008/09/fresh-take-on-browser.html},
} 

@booklet{IEDeprecation,
  author = {Microsoft},
  title = {Microsoft 365 apps say farewell to Internet Explorer 11 and Windows 10 sunsets Microsoft Edge Legacy},
  date = {2020-08-17},
  url = {https://techcommunity.microsoft.com/t5/microsoft-365-blog/microsoft-365-apps-say-farewell-to-internet-explorer-11-and/ba-p/1591666},
} 

@booklet{TSFirstRelease,
  author = {Hoban, Luke},
  title = {Announcing TypeScript 0.8.1},
  date = {2012-11-15},
  url = {https://devblogs.microsoft.com/typescript/announcing-typescript-0-8-1/},
} 

@booklet{NodeJS,
  author = {{OpenJS Foundation}},
  title = {Node.js},
  url = {https://nodejs.org},
  date = {2021-10-21},
}

@booklet{KeithThesis,
  author = {Andrews, Keith},
  title = {Writing a Thesis: Guidelines for Writing a Master's Thesis in Computer Science},
  howpublished = {Graz University of Technology, Austria},
  date = {2019-01-24},
  url = {http://ftp.iicm.edu/pub/keith/thesis/},
}

@booklet{RespVisSurvey,
  title = {Information Visualization Survey - Responsive Data Visualization},
  author = {Adler, Valentin and Jahaj, Ledio and Petritz, Markus and Yeli, Pooja},
  date = {2021-05-10},
  howpublished = {Graz University of Technology, Austria},
  url = {https://courses.isds.tugraz.at/ivis/surveys/ss2021/ivis-ss2021-g2-survey-resp-datavis.pdf},
}

@booklet{HighD,
  author = {{Macrofocus GmbH}},
  title = {High-D: High Dimensionality Analytics Using Parallel Coordinates},
  date = {2021-10-21},
  url = {https://www.high-d.com},
}

%
% RESPONSIVE CHARTS 
%

% NickRabinowitzRDV
% http://nrabinowitz.github.io/rdv/

% RespHBars %
% reduce width, recompose ticks
% https://www.wsj.com/graphics/french-assembly-2017/

% RespHBar %
% reduce width, serialize ticks and bars
% http://graphics.wsj.com/how-the-worlds-best-fighter-jets-measure-up/

% RespHStackedBar %
% reduce width, remove redundant annotations
% https://www.nytimes.com/2021/08/12/upshot/covid-return-to-office.html

% RespVBar %
% reduce width, simplify annotations, relocate annotations, recompose ticks, simplify tick labels, 
% https://www.wsj.com/articles/octobers-not-as-bleak-as-its-reputation-for-stock-markets-1507384342

% RespHBarHLine % 
% bar: reduce width, recompose ticks %
% line: reduce width, recompose ticks, reposition annotations %
% https://www.wsj.com/graphics/big-companies-get-bigger/

% RespHLines %
% recompose ticks, simplify tick labels, reposition annotations, increase height, simplify annotations
% https://www.nytimes.com/interactive/2016/05/18/us/chicago-murder-problem.html

% RespHLineHStackedBar %
% bar: reduce width, remove annotation %
% line: externalize annotations %
% https://www.nytimes.com/interactive/2017/01/18/upshot/some-colleges-have-more-students-from-the-top-1-percent-than-the-bottom-60.html

% RespHLine %
% reduce width, internalize annotations
% https://www.nytimes.com/interactive/2021/07/14/upshot/drug-overdose-deaths.html

% RespRadialScatterHLine %
% radial scatter: serialize legend, recompose ticks %
% line: reduce width % 
% Barton, Susanne and Hannah Recht [2018]. The Massive Prize Luring Miners to the Stars. 08 Mar 2018. https://bloomberg.com/graphics/2018-asteroid-mining/ .

% RespScatter %
% reduce width, externalize annotations, disable hover interactions
% https://www.wsj.com/graphics/house-health-care-holdouts-round-two/

% RespScatter2 %
% reduce width, remove annotations, disable hover interactions
% https://www.wsj.com/graphics/elections/2016/divided-america/

% RespSmallMultiples
% internalize labels, recompose ticks, fluid small multiples
% https://www.nytimes.com/interactive/2016/05/22/world/europe/europe-right-wing-austria-hungary.html

% RespSmallMultiples2
% fluid small multiples, fix tooltip position
% https://www.nytimes.com/interactive/2017/05/25/sports/basketball/lebron-career-playoff-points-record.html

%
% SCALING NON-RESPONSIVE CHARTS 
%

% HVBar %
% https://www.nytimes.com/interactive/2019/02/13/upshot/engagement-rings-cost-two-weeks-pay.html

% HBar %
% https://www.nytimes.com/2018/11/29/learning/whats-going-on-in-this-graph-dec-5-2018.html

% VBar %
% https://www.nytimes.com/2020/02/27/learning/whats-going-on-in-this-graph-voters-by-age-group.html

% GroupedBar %
% https://datavizproject.com/data-type/grouped-bar-chart/

% StackedBar %
% https://datavizproject.com/data-type/stacked-bar-chart/

% MapBarLine %
% https://www.nytimes.com/2020/01/09/learning/whats-going-on-in-this-graph-north-american-bird-populations.html

% HLine % 
% https://www.nytimes.com/2019/09/12/learning/whats-going-on-in-this-graph-sept-18-2019.html

% HLine2 %
% https://www.nytimes.com/2019/02/28/learning/whats-going-on-in-this-graph-march-6-2019.html

% VLine %
% https://xkcd.com/1732/

% Scatter %
% https://www.nytimes.com/2018/03/08/learning/whats-going-on-in-this-graph-march-13-2018.html

% Scatter2 %
% https://www.nytimes.com/2018/10/16/learning/whats-going-on-in-this-graph-oct-17-2018.html







% http://taligarsiel.com/Projects/howbrowserswork1.htm
% https://engineering.fb.com/2016/12/07/android/yoga-a-cross-platform-layout-engine/
% https://github.com/fusioncharts/faberjs

% Florence Nightingale: 
% {she may have been the first to use them for persuading people of the need for change} 
% http://www.florence-nightingale-avenging-angel.co.uk/GraphicsPaper/Graphics.htm

% RoleOfInteractionInInformationVisualization 
% https://ieeexplore.ieee.org/abstract/document/4376144?casa_token = SaN3cvfV_ooAAAAA:8ivAHV04aBTy3WsnjJJL1r0xs9U43GALQM19HfmS-EPFOzyQASQ-wlNzopNVL4hTR7wALKEuYsP7

% RespVis: 
% https://mobilevis.github.io/assets/mobilevis2018_paper_4.pdf
% https://www.youtube.com/watch?v = cQKzpKfea-E

% IVIS group work: 
% https://courses.isds.tugraz.at/ivis/projects/ss2021/ivis-ss2021-g2-project-respvis.pdf