
% Writing Style, etc.
% ===================


% Books
% -----


@book{Alley-CraftScientificWriting-4Ed,
  author       = "Michael Alley",
  title        = "The Craft of Scientific Writing",
  publisher    = "Springer",
  edition      = "4",
  date         = "2018-04-06",
  isbn         = "1441982876",
  pagetotal    = "298",
}
% ISBN-10: 1441982876
% ISBN-13: 978-1441982872
% craftofscientificwriting.com

@book{Alley-CraftScientificWriting-3Ed,
  author       = "Michael Alley",
  title        = "The Craft of Scientific Writing",
  publisher    = "Springer",
  edition      = "3",
  date         = "1998",
  isbn         = "0387947663",
  pagetotal    = "282",
}
% I own 3Ed



@book{Booth-CommunicatingScience-2Ed,
  author       = "Vernon Booth",
  title        = "Communicating in Science: Writing a Scientific
                  Paper and Speaking at Scientific Meetings",
  publisher    = "Cambridge University Press",
  edition      = "2",
  date         = "1993",
  isbn         = "0521429153",
}


@book{Booth-CraftResearch-4Ed,
  author       = "Wayne C. Booth and Gregory G. Colomb and
                  Joseph M. Williams and Joseph Bizup and
                  William T. Fitzgerald",
  title        = "The Craft of Research",
  publisher    = "University Of Chicago Press",
  edition      = "4",
  date         = "2016-10-28",
  isbn         = "022623973X",
  pagetotal    = "334",
}
% ISBN-10: 022623973X
% ISBN-13: 978-0226239736

@book{Booth-CraftResearch-3Ed,
  author       = "Wayne C. Booth and Gregory G. Colomb and
                  Joseph M. Williams",
  title        = "The Craft of Research",
  publisher    = "University Of Chicago Press",
  edition      = "3",
  date         = "2008-04-15",
  isbn         = "0226065669",
  pagetotal    = "336",
}



@book{UserManualManual,
  author       = "Michael Bremer",
  title        = "The User Manual Manual",
  publisher    = "{UnTechnical} Press",
  date         = "1999",
  isbn         = "0966994914",
}

@book{BugsInWriting,
  author       = "Lyn Dupr√©",
  title        = "Bugs in Writing: A Guide to Debugging Your Prose",
  publisher    = "Addison-Wesley",
  edition      = "2",
  date         = "1998",
  isbn         = "020137921X",
}

@book{EcoWieSchreibt,
  author       = "Umberto Eco",
  title        = "Wie man eine wissenschaftliche Abschlussarbeit schreibt",
  publisher    = "UTB",
  edition      = "13",
  date         = "2010",
  isbn         = "3825215121",
}


@book{SkernScientificEnglish,
  author       = "Tim Skern",
  title        = "Writing Scientific English: A Workbook",
  publisher    = "Facultas",
  address      = "Vienna, Austria",
  date         = "2009",
  isbn         = "3825231127",
}



@book{StrunkWhite-4Ed,
  author       = "Strunk, Jr, William and Elwyn Brooks White",
  title        = "The Elements of Style",
  publisher    = "Longman",
  edition      = "4",
  date         = "1999",
  isbn         = "020530902X",
}
% http://jlakes.org/ch/web/The-elements-of-style.pdf


@book{Zobel-WritingCompSci,
  author       = "Justin Zobel",
  title        = "Writing for Computer Science",
  edition      = "2",
  publisher    = "Springer",
  date         = "2004",
  isbn         = "1852338024",
}



@book{Phillips-HowGetPhD,
  author       = "Estelle M. Phillips and Derek S. Pugh",
  title        = "How to Get a PhD",
  edition      = "4",
  publisher    = "Open University Press",
  date         = "2005",
  isbn         = "0335216846",
}


@book{Anderson-Plagiarism,
  author       = "Judy Anderson",
  title        = "Plagiarism, Copyright Violation and Other
                  Thefts of Intellectual Property",
  publisher    = "McFarland",
  date         = "1998",
  isbn         = "0786404639",
}


@book{Zinsser-OnWritingWell-7Ed,
  author       = "William K. Zinsser",
  title        = "On Writing Well",
  edition      = "7",
  publisher    = "Harper",
  date         = "2006-09-02",
  isbn         = "0060891548",
  pagetotal    = "336",
}
% ISBN-10: 0060891548
% ISBN-13: 978-0060891541
% http://richardcolby.net/writ2000/wp-content/uploads/2017/09/On-Writing-Well-30th-Anniversa-Zinsser-William.pdf
% https://archive.org/details/OnWritingWell



@book{NewOxfordStyleManual-3Ed,
  author       = "{OUP}",
  title        = "New Oxford Style Manual",
  edition      = "3",
  publisher    = "Oxford University Press",
  date         = "2016-03-24",
  isbn         = "0198767250",
  pagetotal    = "928",
}
% ISBN-10: 0198767250
% ISBN-13: 978-0198767251
% combines New Hart's Rules (grammar)
% with New Oxford Dictionary for Writers and Editors (usage).


@book{EconomistStyleGuide-12Ed,
  author       = "Ann Wroe",
  title        = "The Economist Style Guide",
  edition      = "12",
  publisher    = "Economist Books",
  date         = "2018-05-03",
  isbn         = "1781258317",
  pagetotal    = "288",
}
% ISBN-10: 1781258317
% ISBN-13: 978-1781258316
% a-z index of examples
% but great chapter on diff between uk and us english



% Practical English Usage, 4th edition
% Michael Swan
% Paperback: 768 pages
% Publisher: OUP Oxford; 4 edition (22 Dec. 2016)
% Language: English
% ISBN-10: 0194202437
% ISBN-13: 978-0194202435
% a-z index of examples
% like Economist Style Guide but much bigger




@book{ChicagoManualStyle-17Ed,
  author       = "{UCP}",
  title        = "The Chicago Manual of Style",
  edition      = "17",
  publisher    = "University of Chicago Press",
  date         = "2017-09-05",
  isbn         = "022628705X",
  pagetotal    = "1146",
}

% The Chicago Manual of Style, 17th Edition
% https://www.chicagomanualofstyle.org/
% Hardcover: 1146 pages
% Publisher: University of Chicago Press; Seventeenth edition (September 5, 2017)
% Language: English
% ISBN-10: 022628705X
% ISBN-13: 978-0226287058




% Journal Articles
% ----------------

@article{Reisman2005,
  author       = "Sorel Reisman",
  title        = "Plagiarism or Ignorance? You Decide",
  journal      = "IT Professional",
  issn         = "1520-9202",
  date         = "2005-01",
  volume       = 7,
  number       = 1,
  pages        = "7--8",
  doi          = "10.1109/MITP.2005.16",
}





% Online Resources
% ----------------


@booklet{ACM-DL,
  author       = "{ACM}",
  title        = "ACM Digital Library",
  year         = "2019",
  url          = "https://dl.acm.org/",
  urldate      = "2019-03-27",
  note         = "Full access to PDFs from IP addresses within TU Graz.",
}
% Full access to PDFs from IP addresses within TU Graz



@booklet{IEEE-DL,
  author       = "{IEEE}",
  title        = "IEEE Xplore Digital Library",
  date         = "2019",
  url          = "https://ieeexplore.ieee.org/",
  urldate      = "2019-03-27",
  note         = "Full access to PDFs from IP addresses within TU Graz.",
}
% Full access to PDFs from IP addresses within TU Graz




@booklet{CiteSeer,
  author       = "{PSU}",
  title        = "CiteSeerX",
  howpublished = "Pennsylvania State University",
  date         = "2012",
  url          = "http://citeseer.ist.psu.edu/",
  urldate      = "2012-10-22",
}


@booklet{Mendeley,
  author       = "Jan Reichelt",
  title        = "Mendeley",
  date         = "2012",
  url          = "http://mendeley.com/",
  urldate      = "2012-10-22",
}





@booklet{KeithThesis,
  author       = "Keith Andrews",
  title        = "Writing a Thesis: Guidelines for Writing
                  a Master's Thesis in Computer Science",
  howpublished = "Graz University of Technology, Austria",
  date         = "2019-01-24",
  url          = "http://ftp.iicm.edu/pub/keith/thesis/",
}


@booklet{KeithSurvey,
  author       = "Keith Andrews",
  title        = "Writing a Survey Paper: Guidelines for Writing
                  a Survey Paper in Computer Science",
  howpublished = "Graz University of Technology, Austria",
  date         = "2019-01-24",
  url          = "http://ftp.iicm.edu/pub/keith/survey/",
}



@booklet{Strunk-1Ed,
  author       = "Strunk, Jr, William",
  title        = "The Elements of Style",
  edition      = "1",
  date         = "1918",
  url          = "http://gutenberg.org/files/37134/37134-h/37134-h.htm",
}
% http://gutenberg.org/ebooks/37134
% http://gutenberg.org/files/37134/37134-h/37134-h.htm
% http://bartleby.com/141/


@booklet{GoogleStyleGuide,
  author       = "{Google}",
  title        = "Google Developer Documentation Style Guide",
  date         = "2019-01-14",
  url          = "https://developers.google.com/style/",
  urldate      = "2019-01-27",
}
% https://techcrunch.com/2017/09/07/google-publishes-its-documentation-style-guide-for-developers/


@booklet{DictionaryCom,
  author       = "{Dictionary.com}",
  title        = "{Dictionary.com}",
  date         = "2018",
  url          = "https://dictionary.com/",
  urldate      = "2018-12-29",
}

@booklet{DictLeoOrg,
  author       = "{Leo}",
  title        = "{Leo English-German Dictionary}",
  date         = "2018",
  url          = "https://dict.leo.org/",
  urldate      = "2018-12-29",
}

@booklet{DictChemnitz,
  author       = "{TU Chemnitz}",
  title        = "{BEOLINGUS} -- Your Online Dictionary",
  date         = "2018",
  url          = "https://dict.tu-chemnitz.de/",
  urldate      = "2018-12-29",
}



@booklet{ThesaurusCom,
  author       = "{Dictionary.com}",
  title        = "{thesaurus.com}",
  date         = "2018",
  url          = "https://thesaurus.com/",
  urldate      = "2018-12-29",
}

@booklet{CollinsThesaurus,
  author       = "{Collins}",
  title        = "Collins English Thesaurus",
  date         = "2018",
  url          = "https://collinsdictionary.com/dictionary/english-thesaurus",
  urldate      = "2018-12-29",
}







@booklet{EnglishAcademicPurposes,
  author       = "Andy Gillett",
  title        = "Using English for Academic Purposes",
  date         = "2012",
  url          = "http://uefap.co.uk/",
  urldate      = "2012-10-22",
}



@booklet{WisconsinGuide,
  author       = "{The Writing Center}",
  title        = "The Writer's Handbook",
  howpublished = "University of Wisconsin, Madison",
  date         = "2012-07-02",
  url          = "http://wisc.edu/writing/Handbook/index.html",
  urldate      = "2012-10-22",
}


@booklet{NASAGuide,
  author       = "Mary K. McCaskill",
  title        = "Grammar, Punctuation, and Capitalization:
                  A Handbook for Technical Writers and Editors",
  howpublished = "NASA Langley Research Center SP-7084",
  date         = "1990-01-01",
  url          = "http://ntrs.nasa.gov/archive/nasa/casi.ntrs.nasa.gov/19900017394_1990017394.pdf",
  urldate      = "2012-10-22",
}
% http://ntrs.nasa.gov/archive/nasa/casi.ntrs.nasa.gov/19900017394_1990017394.pdf



@booklet{ICAI,
  author       = "{ICAI}",
  title        = "International Center for Academic Integrity",
  date         = "2012",
  url          = "http://academicintegrity.org/",
  urldate      = "2012-10-22",
}

@booklet{PlagiarismOrg,
  author       = "{iParadigms}",
  title        = "{Plagiarism.org}",
  date         = "2012",
  url          = "http://plagiarism.org/",
  urldate      = "2012-10-22",
}

@booklet{FremdeFedern,
  author       = "Debora Weber-Wulff",
  title        = "Fremde Federn: Plagiat Ressourcen",
  date         = "2012",
  url          = "http://plagiat.htw-berlin.de/",
  urldate      = "2018-12-29",
}

@booklet{AufdeckungPlagiaten,
  author       = "Debora Weber-Wulff",
  title        = "Aufdeckung von Plagiaten:
                  Suchen im Internet f√ºr Lehrkr√§fte",
  date         = "2002-07-31",
  url          = "https://people.f4.htw-berlin.de/~weberwu/papers/plagiat.shtml",
  urldate      = "2018-12-29",
}
% https://people.f4.htw-berlin.de/~weberwu/papers/plagiat.shtml



@booklet{UrhG,
  author       = "{BKA}",
  title        = "Urheberrechtsgesetz",
  howpublished = "Bundeskanzleramt Rechtsinformationssystem des Bundes (RIS)",
  date         = "2019-03-10",
  url          = "http://ris.bka.gv.at/GeltendeFassung.wxe?Abfrage=Bundesnormen&Gesetzesnummer=10001848",
  urldate      = "2019-03-10",
}
% http://www.ris.bka.gv.at/GeltendeFassung.wxe?Abfrage=Bundesnormen&Gesetzesnummer=10001848


@booklet{UrhG-Novelle-2015,
  author       = "{Austrian Parliament}",
  title        = "Urheberrechts-Novelle 2015",
  howpublished = "Republik √ñsterreich Parlament",
  date         = "2015-11",
  url          = "https://parlament.gv.at/PAKT/VHG/XXV/ME/ME_00132/",
  urldate      = "2016-11-22",
}


@booklet{KBLaw,
  author       = "KB:Law",
  title        = "Knowledge Base Law Copyright",
  date         = "2012",
  url          = "http://kb-law.info/",
  urldate      = "2012-10-22",
}
% http://kb-law.info/
% http://kb-law.info/wt_dev/kbc.php?group=4&land=AT&lang=DE



@booklet{Wikipedia-Zitat,
  author       = "Wikipedia",
  title        = "Zitat",
  date         = "2012-10-16",
  url          = "http://de.wikipedia.org/wiki/Zitat",
  urldate      = "2012-10-22",
}


@booklet{WB-Capitalisation,
  key          = "{WB}",
  author       = "{Writer's Block}",
  title        = "Capitalization in Titles",
  date         = "1998-03",
  url          = "https://web.archive.org/web/20130117225252/http://writersblock.ca/tips/monthtip/tipmar98.htm",
  urldate      = "2013-01-17",
}
% ISSN: 1488-4801
% https://web.archive.org/web/20130117225252/http://writersblock.ca/tips/monthtip/tipmar98.htm




@booklet{Wikipedia-UTF8,
  author       = "{Wikipedia}",
  title        = "UTF-8",
  date         = "2012-10-09",
  url          = "http://en.wikipedia.org/wiki/Utf-8",
  urldate      = "2012-10-22",
}


@booklet{Unicode-Charts,
  author       = "{Unicode Consortium}",
  title        = "Unicode 6.2 Character Code Charts",
  date         = "2012-10-04",
  url          = "http://unicode.org/charts/",
  urldate      = "2012-10-22",
}


@booklet{ACM-Policy,
  author       = "{ACM}",
  title        = "ACM Author Rights and Publishing Policy",
  date         = "2016-01-12",
  url          = "http://acm.org/publications/policies/copyright_policy",
  urldate      = "2016-09-15",
}



@booklet{CC-Licences,
  author       = "{CC}",
  title        = "About The Licenses",
  howpublished = "Creative Commons",
  date         = "2017-11-07",
  url          = "https://creativecommons.org/licenses/",
  urldate      = "2019-03-27",
}



@booklet{Adobe-Illustrator,
  author       = "{Adobe}",
  title        = "Illustrator",
  date         = "2016-11-21",
  url          = "http://adobe.com/products/illustrator.html",
  urldate      = "2016-11-21",
}

@booklet{Inkscape,
  author       = "{Inkscape}",
  title        = "Inkscape",
  date         = "2016-11-21",
  url          = "https://inkscape.org/",
  urldate      = "2016-11-21",
}


@booklet{R-Project,
  author       = "{TRF}",
  title        = "The R Project for Statistical Computing",
  howpublished = "The R Foundation",
  date         = "2016-10-31",
  url          = "http://r-project.org/",
  urldate      = "2016-11-22",
}


@booklet{Aspell,
  author       = "Kevin Atkinson",
  title        = "{GNU Aspell}",
  date         = "2004",
  url          = "http://aspell.sourceforge.net/",
}

@booklet{gnuplot,
  author       = "Thomas Williams and Colin Kelley",
  title        = "{gnuplot}",
  date         = "2016-10-10",
  url          = "http://gnuplot.info/",
}

